<?xml version="1.0" encoding="UTF-8"?><collection xmlns="http://www.loc.gov/MARC21/slim"><record><leader>00316nam--2200121-i-4500</leader><controlfield tag="001">000010302</controlfield><controlfield tag="002">20161230</controlfield><controlfield tag="005">20161230201028</controlfield><controlfield tag="008">060222s1000------------r-----000-0-eng-d</controlfield><datafield ind1=" " ind2=" " tag="245"><subfield code="a">Experimental cryophysics</subfield></datafield><datafield ind1=" " ind2=" " tag="260"><subfield code="a">London, Butterworths, 1961, Xv + 388p</subfield></datafield><datafield ind1=" " ind2=" " tag="700"><subfield code="a">Hoare F.E., Jackson L.C., Kurti N</subfield></datafield><datafield ind1=" " ind2=" " tag="852"><subfield code="a">17026</subfield></datafield></record></collection>